@article{Ikeda:2007rn,
      author         = "Ikeda, Noriaki and Tokunaga, Tatsuya",
      title          = "{An Alternative Topological Field Theory of Generalized
                        Complex Geometry}",
      journal        = "JHEP",
      volume         = "09",
      year           = "2007",
      pages          = "009",
      doi            = "10.1088/1126-6708/2007/09/009",
      eprint         = "0704.1015",
      archivePrefix  = "arXiv",
      primaryClass   = "hep-th",
      reportNumber   = "YITP-04-15",
      SLACcitation   = "%%CITATION = ARXIV:0704.1015;%%"
}

@article{Kokenyesi:2018xgj,
      author         = "Kökényesi, Zoltán and Sinkovics, Annamária and Szabo,
                        Richard J.",
      title          = "{Double Field Theory for the A/B‐Models and Topological
                        S‐Duality in Generalized Geometry}",
      journal        = "Fortsch. Phys.",
      volume         = "66",
      year           = "2018",
      number         = "11-12",
      pages          = "1800069",
      doi            = "10.1002/prop.201800069",
      eprint         = "1805.11485",
      archivePrefix  = "arXiv",
      primaryClass   = "hep-th",
      reportNumber   = "EMPG-18-11",
      SLACcitation   = "%%CITATION = ARXIV:1805.11485;%%"
}
@article{Pestun:2006rj,
      author         = "Pestun, Vasily",
      title          = "{Topological strings in generalized complex space}",
      journal        = "Adv. Theor. Math. Phys.",
      volume         = "11",
      year           = "2007",
      number         = "3",
      pages          = "399-450",
      doi            = "10.4310/ATMP.2007.v11.n3.a3",
      eprint         = "hep-th/0603145",
      archivePrefix  = "arXiv",
      primaryClass   = "hep-th",
      reportNumber   = "PUTP-2188, ITEP-TH-104-05",
      SLACcitation   = "%%CITATION = HEP-TH/0603145;%%"
}
@article{Zucchini:2004ta,
      author         = "Zucchini, Roberto",
      title          = "{A Sigma model field theoretic realization of Hitchin's
                        generalized complex geometry}",
      journal        = "JHEP",
      volume         = "11",
      year           = "2004",
      pages          = "045",
      doi            = "10.1088/1126-6708/2004/11/045",
      eprint         = "hep-th/0409181",
      archivePrefix  = "arXiv",
      primaryClass   = "hep-th",
      reportNumber   = "DFUB-04-03",
      SLACcitation   = "%%CITATION = HEP-TH/0409181;%%"
}
@article{Cattaneo:2009zx,
      author         = "Cattaneo, Alberto S. and Qiu, Jian and Zabzine, Maxim",
      title          = "{2D and 3D topological field theories for generalized
                        complex geometry}",
      journal        = "Adv. Theor. Math. Phys.",
      volume         = "14",
      year           = "2010",
      number         = "2",
      pages          = "695-725",
      doi            = "10.4310/ATMP.2010.v14.n2.a9",
      eprint         = "0911.0993",
      archivePrefix  = "arXiv",
      primaryClass   = "hep-th",
      reportNumber   = "UUITP-22-09",
      SLACcitation   = "%%CITATION = ARXIV:0911.0993;%%"
}
@article{DSM1,
      author         = "Kotov, Alexei and Schaller, Peter and Strobl, Thomas",
      title          = "{Dirac sigma models}",
      journal        = "Commun. Math. Phys.",
      volume         = "260",
      year           = "2005",
      pages          = "455-480",
      doi            = "10.1007/s00220-005-1416-4",
      eprint         = "hep-th/0411112",
      archivePrefix  = "arXiv",
      primaryClass   = "hep-th",
      reportNumber   = "FSU-TPI-08-04",
      SLACcitation   = "%%CITATION = HEP-TH/0411112;%%"
}
@article{DSM2,
      author         = "Kotov, Alexei and Strobl, Thomas",
      title          = "{Generalizing Geometry - Algebroids and Sigma Models}",
      journal        = "IRMA Lect. Math. Theor. Phys.",
      volume         = "16",
      year           = "2010",
      pages          = "209",
      eprint         = "1004.0632",
      archivePrefix  = "arXiv",
      primaryClass   = "hep-th",
      SLACcitation   = "%%CITATION = ARXIV:1004.0632;%%"
}

@article{DSMgauge1,
      author         = "Salnikov, Vladimir and Strobl, Thomas",
      title          = "{Dirac sigma models from gauging}",
      journal        = "JHEP",
      volume         = "11",
      year           = "2013",
      pages          = "110",
      doi            = "10.1007/JHEP11(2013)110",
      eprint         = "1311.7116",
      archivePrefix  = "arXiv",
      primaryClass   = "math-ph",
      SLACcitation   = "%%CITATION = ARXIV:1311.7116;%%"
}

@article{DSMgauge2,
      author         = "Chatzistavrakidis, Athanasios and Deser, Andreas and
                        Jonke, Larisa and Strobl, Thomas",
      title          = "{Beyond the standard gauging: gauge symmetries of Dirac
                        Sigma Models}",
      journal        = "JHEP",
      volume         = "08",
      year           = "2016",
      pages          = "172",
      doi            = "10.1007/JHEP08(2016)172",
      eprint         = "1607.00342",
      archivePrefix  = "arXiv",
      primaryClass   = "hep-th",
      SLACcitation   = "%%CITATION = ARXIV:1607.00342;%%"
}
@article{tangentbundle,
      author         = "Morandi, G. and Ferrario, C. and Lo Vecchio, G and Marmo,
                        G. and Rubano, C.",
      title          = "{The inverse problem in the calculus of variations and
                        the geometry of the tangent bundle}",
      journal        = "Phys. Rept.",
      volume         = "188",
      year           = "1990",
      pages          = "147-284",
      doi            = "10.1016/0370-1573(90)90137-Q",
      SLACcitation   = "%%CITATION = PRPLC,188,147;%%"
}
@article{Szabo-paraherm,
      author         = "Marotta, Vincenzo E. and Szabo, Richard J.",
      title          = "{Para-Hermitian Geometry, Dualities and Generalized Flux
                        Backgrounds}",
      year           = "2018",
      eprint         = "1810.03953",
      archivePrefix  = "arXiv",
      primaryClass   = "hep-th",
      reportNumber   = "EMPG-18-20",
      SLACcitation   = "%%CITATION = ARXIV:1810.03953;%%"
}

@article{Shelton:2005cf,
      author         = "Shelton, Jessie and Taylor, Washington and Wecht, Brian",
      title          = "{Nongeometric flux compactifications}",
      journal        = "JHEP",
      volume         = "10",
      year           = "2005",
      pages          = "085",
      doi            = "10.1088/1126-6708/2005/10/085",
      eprint         = "hep-th/0508133",
      archivePrefix  = "arXiv",
      primaryClass   = "hep-th",
      reportNumber   = "MIT-CTP-3673",
      SLACcitation   = "%%CITATION = HEP-TH/0508133;%%"
}
@article{gadea1991classification,
  title={Classification of almost para-Hermitian manifolds},
  author={Gadea, PM and Masqu{\'e}, J Munoz},
  journal={Rend. Mat. Appl.(7)},
  volume={11},
  number={2},
  pages={377--396},
  year={1991}
}

@article{vilcu2011hyperhermitian,
  title={Para-hyperhermitian structures on tangent bundles},
  author={V{\i}lcu, Gabriel Eduard},
  journal={Proceedings of the Estonian Academy of Sciences},
  volume={60},
  number={3},
  pages={165--173},
  year={2011}
}
@article{dructua2013riemannian,
  title={Riemannian almost product and para-Hermitian cotangent bundles of general natural lift type},
  author={Dru{\c{t}}{\u{a}}-Romaniuc, SL},
  journal={Acta Mathematica Hungarica},
  volume={139},
  number={3},
  pages={228--244},
  year={2013},
  publisher={Springer}
}

@article{Chatzistavrakidis:2018ztm,
      author         = "Chatzistavrakidis, Athanasios and Jonke, Larisa and Khoo,
                        Fech Scen and Szabo, Richard J.",
      title          = "{Double Field Theory and Membrane Sigma-Models}",
      year           = "2018",
      eprint         = "1802.07003",
      archivePrefix  = "arXiv",
      primaryClass   = "hep-th",
      reportNumber   = "EMPG-18-04",
      SLACcitation   = "%%CITATION = ARXIV:1802.07003;%%"
}


@ARTICLE{kosmann:quasi,
   author = {{Kosmann-Schwarzbach}, Y.},
    title = "{Quasi, twisted, and all that... in Poisson geometry and Lie algebroid theory}",
  journal = {ArXiv Mathematics e-prints},
   eprint = {math/0310359},
 keywords = {Mathematics - Symplectic Geometry, 17B62, 17B63, 53D17, 58A50, 16W30},
     year = 2003,
    month = oct,
   adsurl = {http://adsabs.harvard.edu/abs/2003math.....10359K},
  adsnote = {Provided by the SAO/NASA Astrophysics Data System}
}

@book{weinsteingeomodels,
  title={Geometric models for noncommutative algebras},
  author={Da Silva, Ana Cannas and Weinstein, Alan},
  volume={10},
  year={1999},
  publisher={American Mathematical Soc.}
}

@article{bejan1993existence,
  title={The existence problem of hyperbolic structures on vector bundles},
  author={Bejan, Cornelia-Livia},
  journal={Publ. Inst. Mat. Beograd},
  volume={53},
  number={67},
  pages={133--138},
  year={1993}
}

@article{freidel2014born,
      author         = "Freidel, Laurent and Leigh, Robert G. and Minic, Djordje",
      title          = "{Born Reciprocity in String Theory and the Nature of
                        Spacetime}",
      journal        = "Phys. Lett.",
      volume         = "B730",
      year           = "2014",
      pages          = "302-306",
      doi            = "10.1016/j.physletb.2014.01.067",
      eprint         = "1307.7080",
      archivePrefix  = "arXiv",
      primaryClass   = "hep-th",
      SLACcitation   = "%%CITATION = ARXIV:1307.7080;%%"
}


@article{freidel2015metastring,
      author         = "Freidel, Laurent and Leigh, Robert G. and Minic, Djordje",
      title          = "{Metastring Theory and Modular Space-time}",
      journal        = "JHEP",
      volume         = "06",
      year           = "2015",
      pages          = "006",
      doi            = "10.1007/JHEP06(2015)006",
      eprint         = "1502.08005",
      archivePrefix  = "arXiv",
      primaryClass   = "hep-th",
      SLACcitation   = "%%CITATION = ARXIV:1502.08005;%%"
}


@article{freidel2017generalised,
      author         = "Freidel, Laurent and Rudolph, Felix J. and Svoboda,
                        David",
      title          = "{Generalised Kinematics for Double Field Theory}",
      journal        = "JHEP",
      volume         = "11",
      year           = "2017",
      pages          = "175",
      doi            = "10.1007/JHEP11(2017)175",
      eprint         = "1706.07089",
      archivePrefix  = "arXiv",
      primaryClass   = "hep-th",
      reportNumber   = "LMU-ASC-35-17",
      SLACcitation   = "%%CITATION = ARXIV:1706.07089;%%"
}

@article{Tseytlin:1990nb,
      author         = "Tseytlin, Arkady A.",
      title          = "{Duality Symmetric Formulation of String World Sheet
                        Dynamics}",
      journal        = "Phys. Lett.",
      volume         = "B242",
      year           = "1990",
      pages          = "163-174",
      doi            = "10.1016/0370-2693(90)91454-J",
      reportNumber   = "KCL-TP-1990-2",
      SLACcitation   = "%%CITATION = PHLTA,B242,163;%%"
}


@article{Tseytlin:1990va,
      author         = "Tseytlin, Arkady A.",
      title          = "{Duality symmetric closed string theory and interacting
                        chiral scalars}",
      journal        = "Nucl. Phys.",
      volume         = "B350",
      year           = "1991",
      pages          = "395-440",
      doi            = "10.1016/0550-3213(91)90266-Z",
      reportNumber   = "KCL-TP-1990-3",
      SLACcitation   = "%%CITATION = NUPHA,B350,395;%%"
}


@article{Siegel:1993xq,
      author         = "Siegel, Warren",
      title          = "{Two vierbein formalism for string inspired axionic
                        gravity}",
      journal        = "Phys. Rev.",
      volume         = "D47",
      year           = "1993",
      pages          = "5453-5459",
      doi            = "10.1103/PhysRevD.47.5453",
      eprint         = "hep-th/9302036",
      archivePrefix  = "arXiv",
      primaryClass   = "hep-th",
      reportNumber   = "ITP-SB-93-2",
      SLACcitation   = "%%CITATION = HEP-TH/9302036;%%"
}


@article{Siegel:1993th,
      author         = "Siegel, Warren",
      title          = "{Superspace duality in low-energy superstrings}",
      journal        = "Phys. Rev.",
      volume         = "D48",
      year           = "1993",
      pages          = "2826-2837",
      doi            = "10.1103/PhysRevD.48.2826",
      eprint         = "hep-th/9305073",
      archivePrefix  = "arXiv",
      primaryClass   = "hep-th",
      reportNumber   = "ITP-SB-93-28",
      SLACcitation   = "%%CITATION = HEP-TH/9305073;%%"
}


@article{Hull:2009mi,
      author         = "Hull, Chris and Zwiebach, Barton",
      title          = "{Double Field Theory}",
      journal        = "JHEP",
      volume         = "09",
      year           = "2009",
      pages          = "099",
      doi            = "10.1088/1126-6708/2009/09/099",
      eprint         = "0904.4664",
      archivePrefix  = "arXiv",
      primaryClass   = "hep-th",
      reportNumber   = "IMPERIAL-TP-2009-CH-02, MIT-CTP-4031",
      SLACcitation   = "%%CITATION = ARXIV:0904.4664;%%"
}


@article{Aldazabal:2013sca,
      author         = "Aldazabal, Gerardo and Marques, Diego and Nunez, Carmen",
      title          = "{Double Field Theory: A Pedagogical Review}",
      journal        = "Class. Quant. Grav.",
      volume         = "30",
      year           = "2013",
      pages          = "163001",
      doi            = "10.1088/0264-9381/30/16/163001",
      eprint         = "1305.1907",
      archivePrefix  = "arXiv",
      primaryClass   = "hep-th",
      SLACcitation   = "%%CITATION = ARXIV:1305.1907;%%"
}



@article{geissbuhler2013exploring,
      author         = "Geissbuhler, David and Marques, Diego and Nunez, Carmen
                        and Penas, Victor",
      title          = "{Exploring Double Field Theory}",
      journal        = "JHEP",
      volume         = "06",
      year           = "2013",
      pages          = "101",
      doi            = "10.1007/JHEP06(2013)101",
      eprint         = "1304.1472",
      archivePrefix  = "arXiv",
      primaryClass   = "hep-th",
      SLACcitation   = "%%CITATION = ARXIV:1304.1472;%%"
}

@article{Hull:2009zb,
      author         = "Hull, Chris and Zwiebach, Barton",
      title          = "{The Gauge algebra of double field theory and Courant
                        brackets}",
      journal        = "JHEP",
      volume         = "09",
      year           = "2009",
      pages          = "090",
      doi            = "10.1088/1126-6708/2009/09/090",
      eprint         = "0908.1792",
      archivePrefix  = "arXiv",
      primaryClass   = "hep-th",
      reportNumber   = "IMPERIAL-TP-2009-CH-04, MIT-CTP-4054",
      SLACcitation   = "%%CITATION = ARXIV:0908.1792;%%"
}



@article{hohm2013towards,
      author         = "Hohm, Olaf and Zwiebach, Barton",
      title          = "{Towards an invariant geometry of double field theory}",
      journal        = "J. Math. Phys.",
      volume         = "54",
      year           = "2013",
      pages          = "032303",
      doi            = "10.1063/1.4795513",
      eprint         = "1212.1736",
      archivePrefix  = "arXiv",
      primaryClass   = "hep-th",
      reportNumber   = "MIT-CTP-4428, LMU-ASC-80-12",
      SLACcitation   = "%%CITATION = ARXIV:1212.1736;%%"
}


@article{berman2014global,
      author         = "Berman, David S. and Cederwall, Martin and Perry, Malcolm
                        J.",
      title          = "{Global aspects of double geometry}",
      journal        = "JHEP",
      volume         = "09",
      year           = "2014",
      pages          = "066",
      doi            = "10.1007/JHEP09(2014)066",
      eprint         = "1401.1311",
      archivePrefix  = "arXiv",
      primaryClass   = "hep-th",
      reportNumber   = "QMUL-PH-13-14",
      SLACcitation   = "%%CITATION = ARXIV:1401.1311;%%"
}


@article{vaisman2012geometry,
      author         = "Vaisman, Izu",
      title          = "{On the geometry of double field theory}",
      journal        = "J. Math. Phys.",
      volume         = "53",
      year           = "2012",
      pages          = "033509",
      doi            = "10.1063/1.3694739",
      eprint         = "1203.0836",
      archivePrefix  = "arXiv",
      primaryClass   = "math.DG",
      SLACcitation   = "%%CITATION = ARXIV:1203.0836;%%"
}


@article{vaisman2013towards,
      author         = "Vaisman, Izu",
      title          = "{Towards a double field theory on para-Hermitian
                        manifolds}",
      journal        = "J. Math. Phys.",
      volume         = "54",
      year           = "2013",
      pages          = "123507",
      doi            = "10.1063/1.4848777",
      eprint         = "1209.0152",
      archivePrefix  = "arXiv",
      primaryClass   = "math.DG",
      SLACcitation   = "%%CITATION = ARXIV:1209.0152;%%"
}

@article{Cruceanu,
author = "Cruceanu, V. and Fortuny, P. and Gadea, P.M.",
doi = "10.1216/rmjm/1181072105",
fjournal = "Rocky Mountain Journal of Mathematics",
journal = "Rocky Mountain J. Math.",
month = "03",
number = "1",
pages = "83--115",
publisher = "Rocky Mountain Mathematics Consortium",
title = "A Survey on Paracomplex Geometry",
url = "https://doi.org/10.1216/rmjm/1181072105",
volume = "26",
year = "1996"
}


@article{Ivanov,
      author         = "Ivanov, Stefan and Zamkovoy, Simeon",
      title          = "{Para hermitian and para quaternionic manifolds}",
      journal        = "Differ. Geom. Appl.",
      volume         = "23",
      year           = "2005",
      pages          = "205-234",
      doi            = "10.1016/j.difgeo.2005.06.002",
      eprint         = "math/0310415",
      archivePrefix  = "arXiv",
      primaryClass   = "math-dg",
      SLACcitation   = "%%CITATION = MATH/0310415;%%"
}

@article{bilagrangian,
      author         = "Etayo, Fernando and Santamar�a, Rafael and Tr�as, Uju�
                        R.",
      title          = "{The geometry of a bi-Lagrangian manifold}",
      journal        = "Diff. Geom. Appl.",
      volume         = "24",
      year           = "2006",
      pages          = "33-59",
      doi            = "10.1016/j.difgeo.2005.07.002",
      eprint         = "math/0403512",
      archivePrefix  = "arXiv",
      primaryClass   = "math.SG",
      SLACcitation   = "%%CITATION = MATH/0403512;%%"
}


@article{homogeneous-parakahler,
   author = {{Alekseevsky}, D.~V. and {Medori}, C. and {Tomassini}, A.},
    title = "{Homogeneous para-K\"ahler Einstein manifolds}",
  journal = {ArXiv e-prints},
archivePrefix = "arXiv",
   eprint = {0806.2272},
 primaryClass = "math.DG",
 keywords = {Mathematics - Differential Geometry, 53C15, 53C56},
     year = 2008,
    month = jun,
}

@article{Roytenberg,
   author = "Roytenberg, Dmitry",
    title = "{Courant algebroids, derived brackets and even symplectic supermanifolds}",
  journal = {ArXiv e-prints},
   archivePrefix  = "arXiv",
   eprint = {math/9910078},
     year = "1999"
}


@article{forger2013lagrangian,
      author         = "Forger, Michael and Yepes, Sandra Z.",
      title          = "{Lagrangian distributions and connections in
                        multisymplectic and polysymplectic geometry}",
      journal        = "Differ. Geom. Appl.",
      volume         = "31",
      year           = "2013",
      pages          = "775-807",
      doi            = "10.1016/j.difgeo.2013.09.004",
      eprint         = "1202.5054",
      archivePrefix  = "arXiv",
      primaryClass   = "math.DG",
      SLACcitation   = "%%CITATION = ARXIV:1202.5054;%%"
}

@article{Liu:1995lsa,
      author         = "Liu, Zhang-Ju and Weinstein, Alan and Xu, Ping",
      title          = "{Manin Triples for Lie Bialgebroids}",
      journal        = "J. Diff. Geom.",
      volume         = "45",
      year           = "1997",
      number         = "3",
      pages          = "547-574",
      eprint         = "dg-ga/9508013",
      archivePrefix  = "arXiv",
      primaryClass   = "dg-ga",
      SLACcitation   = "%%CITATION = DG-GA/9508013;%%"
}



@article{geissbuhler2011double,
      author         = "Geissbuhler, David",
      title          = "{Double Field Theory and N=4 Gauged Supergravity}",
      journal        = "JHEP",
      volume         = "11",
      year           = "2011",
      pages          = "116",
      doi            = "10.1007/JHEP11(2011)116",
      eprint         = "1109.4280",
      archivePrefix  = "arXiv",
      primaryClass   = "hep-th",
      SLACcitation   = "%%CITATION = ARXIV:1109.4280;%%"
}


@article{aldazabal2011effective,
      author         = "Aldazabal, Gerardo and Baron, Walter and Marques, Diego
                        and Nunez, Carmen",
      title          = "{The effective action of Double Field Theory}",
      journal        = "JHEP",
      volume         = "11",
      year           = "2011",
      pages          = "052",
      doi            = "10.1007/JHEP11(2011)052, 10.1007/JHEP11(2011)109",
      note           = "[Erratum: JHEP11,109(2011)]",
      eprint         = "1109.0290",
      archivePrefix  = "arXiv",
      primaryClass   = "hep-th",
      SLACcitation   = "%%CITATION = ARXIV:1109.0290;%%"
}


@article{berman2014supersymmetry,
      author         = "Berman, David S. and Lee, Kanghoon",
      title          = "{Supersymmetry for Gauged Double Field Theory and
                        Generalised Scherk-Schwarz Reductions}",
      journal        = "Nucl. Phys.",
      volume         = "B881",
      year           = "2014",
      pages          = "369-390",
      doi            = "10.1016/j.nuclphysb.2014.02.015",
      eprint         = "1305.2747",
      archivePrefix  = "arXiv",
      primaryClass   = "hep-th",
      reportNumber   = "QMUL-PH-13-04",
      SLACcitation   = "%%CITATION = ARXIV:1305.2747;%%"
}


@article{lee2016towards,
      author         = "Lee, Kanghoon",
      title          = "{Towards Weakly Constrained Double Field Theory}",
      journal        = "Nucl. Phys.",
      volume         = "B909",
      year           = "2016",
      pages          = "429-457",
      doi            = "10.1016/j.nuclphysb.2016.05.015",
      eprint         = "1509.06973",
      archivePrefix  = "arXiv",
      primaryClass   = "hep-th",
      reportNumber   = "Q15005",
      SLACcitation   = "%%CITATION = ARXIV:1509.06973;%%"
}


@article{andriot2012non,
      author         = "Andriot, David and Hohm, Olaf and Larfors, Magdalena and
                        Lust, Dieter and Patalong, Peter",
      title          = "{Non-Geometric Fluxes in Supergravity and Double Field
                        Theory}",
      journal        = "Fortsch. Phys.",
      volume         = "60",
      year           = "2012",
      pages          = "1150-1186",
      doi            = "10.1002/prop.201200085",
      eprint         = "1204.1979",
      archivePrefix  = "arXiv",
      primaryClass   = "hep-th",
      reportNumber   = "LMU-ASC-22-12, MPP-2012-67",
      SLACcitation   = "%%CITATION = ARXIV:1204.1979;%%"
}

@article{blumenhagen2012bianchi,
      author         = "Blumenhagen, Ralph and Deser, Andreas and Plauschinn,
                        Erik and Rennecke, Felix",
      title          = "{Bianchi Identities for Non-Geometric Fluxes - From
                        Quasi-Poisson Structures to Courant Algebroids}",
      journal        = "Fortsch. Phys.",
      volume         = "60",
      year           = "2012",
      pages          = "1217-1228",
      doi            = "10.1002/prop.201200099",
      eprint         = "1205.1522",
      archivePrefix  = "arXiv",
      primaryClass   = "hep-th",
      reportNumber   = "MPP-2012-86, ITP-UU-12-16, SPIN-12-14",
      SLACcitation   = "%%CITATION = ARXIV:1205.1522;%%"
}



@article{halmagyi2009non,
	 author         = "Halmagyi, Nick",
      title          = "{Non-geometric Backgrounds and the First Order String
                        Sigma Model}",
      year           = "2009",
      eprint         = "0906.2891",
      archivePrefix  = "arXiv",
      primaryClass   = "hep-th",
      SLACcitation   = "%%CITATION = ARXIV:0906.2891;%%"
}
@phdthesis{Gualtieri:2003dx,
	Archiveprefix = {arXiv},
	Author = {Gualtieri, Marco},
	Eprint = {math/0401221},
	Primaryclass = {math-dg},
	School = {Oxford U.},
	Slaccitation = {%%CITATION = MATH/0401221;%%},
	Title = {{Generalized complex geometry}},
	Year = {2003}}

@article{gualtieri2017deformation,
      author         = "Gualtieri, M. and Matviichuk, M. and Scott, G.",
      title          = "{Deformation of Dirac structures via $L_\infty$
                        algebras}",
      year           = "2017",
      eprint         = "1702.08837",
      archivePrefix  = "arXiv",
      primaryClass   = "math.DG",
      SLACcitation   = "%%CITATION = ARXIV:1702.08837;%%"
}


@article{condeescu2012asymmetric,
      author         = "Condeescu, Cezar and Florakis, Ioannis and Lust, Dieter",
      title          = "{Asymmetric Orbifolds, Non-Geometric Fluxes and
                        Non-Commutativity in Closed String Theory}",
      journal        = "JHEP",
      volume         = "04",
      year           = "2012",
      pages          = "121",
      doi            = "10.1007/JHEP04(2012)121",
      eprint         = "1202.6366",
      archivePrefix  = "arXiv",
      primaryClass   = "hep-th",
      reportNumber   = "LMU-ASC-12-12, MPP-2012-12",
      SLACcitation   = "%%CITATION = ARXIV:1202.6366;%%"
}

@article{Blumenhagen:2011ph,
      author         = "Blumenhagen, R. and Deser, A. and Lust, D. and
                        Plauschinn, E. and Rennecke, F.",
      title          = "{Non-geometric Fluxes, Asymmetric Strings and
                        Nonassociative Geometry}",
      journal        = "J. Phys.",
      volume         = "A44",
      year           = "2011",
      pages          = "385401",
      doi            = "10.1088/1751-8113/44/38/385401",
      eprint         = "1106.0316",
      archivePrefix  = "arXiv",
      primaryClass   = "hep-th",
      reportNumber   = "MPP-2011-59, LMU-ASC-17-11, ITP-UU-11-20, SPIN-11-15",
      SLACcitation   = "%%CITATION = ARXIV:1106.0316;%%"
}



@article{hull2005geometry,
author         = "Hull, Chris",
      title          = "{A Geometry for non-geometric string backgrounds}",
      journal        = "JHEP",
      volume         = "10",
      year           = "2005",
      pages          = "065",
      doi            = "10.1088/1126-6708/2005/10/065",
      eprint         = "hep-th/0406102",
      archivePrefix  = "arXiv",
      primaryClass   = "hep-th",
      reportNumber   = "IMPERIAL-TP-3-04-13",
      SLACcitation   = "%%CITATION = HEP-TH/0406102;%%"
}

@article{FoliationConnection,
	Author = {Dieter Kotschick},
	Date-Modified = {2017-06-18 13:27:30 +0000},
	Eprint = {http://www.mathematik.uni-muenchen.de/\textasciitilde dieter/Lectures5-7.pdf},
	Publisher = {Mathematical Institute of the University of Munich},
	Title = {Lecture notes on Foliations and Connections}
}
	
@book{moroianu,
  title={Lectures on K{\"a}hler geometry},
  author={Moroianu, Andrei},
  volume={69},
  year={2007},
  publisher={Cambridge University Press}
}